@article{Bakker2023,
  author    = {Bakker, T. and others},
  title     = {\textbf{Predicting academic success of autistic students in higher education}},
  journal   = {Autism},
  volume    = {27},
  number    = {6},
  pages     = {1803--1816},
  year      = {2023},
  publisher = {Sage Publications Sage UK: London, England}
}

@mastersthesis{Bastos2024,
  author    = {Bastos, A. C. F. L. C. and others},
  title     = {Processo decisório de gestão da evasão nos cursos de graduação da Universidade Federal do Sul da Bahia: contribuições da abordagem da mineração de dados educacionais},
  school    = {Universidade Tecnológica Federal do Paraná},
  year      = {2024},
  type      = {Dissertação (Mestrado)}
}

@inproceedings{Cabrera2023,
  author    = {Cabrera, E. and others},
  title     = {\textbf{AI-based application to predict student dropout in the National Learning Service SENA}},
  booktitle = {IEEE. 2023 XIII International Conference on Virtual Campus (JICV)},
  year      = {2023},
  pages     = {1--4}
}

@article{Demartini2024,
  author    = {Demartini, C. and others},
  title     = {\textbf{Artificial intelligence bringing improvements to adaptive learning in education: A case study}},
  journal   = {Sustainability},
  volume    = {16},
  number    = {3},
  pages     = {1347},
  year      = {2024}
}

@article{FernandezGarcia2021,
  author    = {Fernandez-García, A. J. and others},
  title     = {\textbf{A real-life machine learning experience for predicting university dropout at different stages using academic data}},
  journal   = {IEEE Access},
  volume    = {9},
  pages     = {133076--133090},
  year      = {2021},
  publisher = {IEEE}
}

@article{FilhoVinutoLeal2020,
  author    = {Filho, J. H. and Vinuto, J. and Leal, F.},
  title     = {\textbf{Aplicação de machine learning para previsão de evasão no ensino superior}},
  journal   = {Revista Brasileira de Informática na Educação},
  volume    = {28},
  number    = {1},
  pages     = {45--60},
  year      = {2020}
}

@article{Freitas2020,
  author    = {Freitas, F. A. d. S. and others},
  title     = {\textbf{IoT system for school dropout prediction using machine learning techniques based on socioeconomic data}},
  journal   = {Electronics},
  volume    = {9},
  number    = {10},
  pages     = {1613},
  year      = {2020},
  publisher = {MDPI}
}

@book{Goodfellow2016,
  author    = {Goodfellow, I. and others},
  title     = {Deep learning},
  publisher = {MIT Press Cambridge},
  year      = {2016}
}

@inproceedings{JalaliWohlin2012,
  author    = {Jalali, S. and Wohlin, C.},
  title     = {\textbf{Systematic literature studies: database searches vs. backward snowballing}},
  booktitle = {IEEE. Proceedings of the 2012 ACM-IEEE International Symposium on Empirical Software Engineering and Measurement},
  year      = {2012},
  pages     = {29--38}
}

@inproceedings{Kantorski2016,
  author    = {Kantorski, V. and others},
  title     = {\textbf{Predição de evasão em instituições públicas de ensino superior utilizando machine learning}},
  booktitle = {Anais do Simpósio Brasileiro de Informática na Educação},
  year      = {2016}
}

@techreport{KitchenhamCharters2007,
  author      = {Kitchenham, B. and Charters, S.},
  title       = {Guidelines for performing systematic literature reviews in software engineering},
  institution = {Keele University},
  year        = {2007},
  type        = {Technical Report},
  number      = {EBSE-2007-01},
  note        = {Also available via Citeseer}
}

@article{Matz2023,
  author    = {Matz, S. C. and others},
  title     = {\textbf{Using machine learning to predict student retention from socio-demographic characteristics and app-based engagement metrics}},
  journal   = {Scientific Reports},
  volume    = {13},
  number    = {1},
  pages     = {5705},
  year      = {2023},
  publisher = {Nature Publishing Group UK London}
}

@book{Mitchell1997,
  author    = {Mitchell, T. M.},
  title     = {Machine learning},
  publisher = {McGraw-Hill New York},
  year      = {1997}
}

@article{Najera2018,
  author    = {Najera, A. B. U. and Calleja, J. de la and others},
  title     = {\textbf{Selección de tutores académicos en la educación superior usando árboles de decisión}},
  journal   = {REOP - Revista Española de Orientación y Psicopedagogía},
  volume    = {29},
  number    = {1},
  pages     = {108--124},
  year      = {2018}
}

@book{PetticrewRoberts2008,
  author    = {Petticrew, M. and Roberts, H.},
  title     = {Systematic reviews in the social sciences: A practical guide},
  publisher = {John Wiley \& Sons},
  year      = {2008}
}

@article{Realinho2022,
  author    = {Realinho, V. and others},
  title     = {\textbf{Predicting student dropout and academic success}},
  journal   = {Data},
  volume    = {7},
  number    = {11},
  pages     = {146},
  year      = {2022},
  publisher = {MDPI}
}

@book{RussellNorvig2016,
  author    = {Russell, S. J. and Norvig, P.},
  title     = {Artificial intelligence: a modern approach},
  publisher = {Pearson},
  year      = {2016}
}

@inproceedings{Santos2024,
  author    = {Santos, G. and others},
  title     = {\textbf{An exploratory analysis on gender-related dropout students in distance learning higher education using machine learning}},
  booktitle = {Proceedings of the 20th Brazilian Symposium on Information Systems},
  year      = {2024},
  pages     = {1--10}
}

@inproceedings{Silva2019,
  author    = {Silva, P. M. D. and others},
  title     = {\textbf{Ensemble regression models applied to dropout in higher education}},
  booktitle = {IEEE. 2019 8th Brazilian Conference on Intelligent Systems (BRACIS)},
  year      = {2019},
  pages     = {120--125}
}
